@techreport{maur2002delaunay,
  title={Delaunay triangulation in 3D},
  author={Maur, Pavel},
  year={2002},
  institution={Technical Report No. DCSE/TR-2002-02, University of West Bohemia in Pilsen}
}
@misc{peterson,
  author = {Samuel Peterson},
  title = {Computing Constrained Delaunay Triangulations},
  url = {http://www.geom.uiuc.edu/~samuelp/del_project.html},
  urldate = {19.5.2016}
}